% Encoding: UTF-8

@Article{eriksson2017,
  author        = {Eriksson, Matilda and Keeling, Linda J and Rehn, Therese},
  title         = {Cats and owners interact more with each other after a longer duration of separation},
  journal       = {PloS one},
  year          = {2017},
  volume        = {12},
  number        = {10},
  pages         = {e0185599},
  __markedentry = {[ab604:6]},
  publisher     = {Public Library of Science},
}

@Comment{jabref-meta: databaseType:bibtex;}
